@article{paper,

author={Moro,SÃ©rgio and Cortez,Paulo and Rita,Paulo},

year={2014},

title={A data-driven approach to predict the success of bank telemarketing},

journal={Decision Support Systems},

volume={62},

pages={22-31},

keywords={Telemarketing; Data mining; Marketing industry; Banks (Finance)},

isbn={0167-9236},

language={English},

}
